%%% Social Media Simulators

@misc{rossetti2024ysocialllmpoweredsocial,
      title={Y Social: an LLM-powered Social Media Digital Twin}, 
      author={Giulio Rossetti and Massimo Stella and Rémy Cazabet and Katherine Abramski and Erica Cau and Salvatore Citraro and Andrea Failla and Riccardo Improta and Virginia Morini and Valentina Pansanella},
      year={2024},
      eprint={2408.00818},
      archivePrefix={arXiv},
      primaryClass={cs.AI},
      url={https://arxiv.org/abs/2408.00818}, 
}

@misc{gao2023s3socialnetworksimulationlarge,
      title={S3: Social-network Simulation System with Large Language Model-Empowered Agents}, 
      author={Chen Gao and Xiaochong Lan and Zhihong Lu and Jinzhu Mao and Jinghua Piao and Huandong Wang and Depeng Jin and Yong Li},
      year={2023},
      eprint={2307.14984},
      archivePrefix={arXiv},
      primaryClass={cs.SI},
      url={https://arxiv.org/abs/2307.14984}, 
}

@misc{törnberg2023simulatingsocialmediausing,
      title={Simulating Social Media Using Large Language Models to Evaluate Alternative News Feed Algorithms}, 
      author={Petter Törnberg and Diliara Valeeva and Justus Uitermark and Christopher Bail},
      year={2023},
      eprint={2310.05984},
      archivePrefix={arXiv},
      primaryClass={cs.SI},
      url={https://arxiv.org/abs/2310.05984}, 
}


%% Opinion Dynamics
@article{article,
    author = {Friedkin, Noah and Johnsen, Eugene},
    year = {1990},
    month = {01},
    pages = {193-206},
    title = {Social Influence and Opinions},
    volume = {15},
    journal = {Journal of Mathematical Sociology - J MATH SOCIOL},
    doi = {10.1080/0022250X.1990.9990069}
}

@inproceedings{Liu_2018,
   title={Discrete-Time Polar Opinion Dynamics with Heterogeneous Individuals},
   url={http://dx.doi.org/10.1109/CDC.2018.8619071},
   DOI={10.1109/cdc.2018.8619071},
   booktitle={2018 IEEE Conference on Decision and Control (CDC)},
   publisher={IEEE},
   author={Liu, Ji and Ye, Mengbin and Anderson, Brian D.O. and Basar, Tamer and Nedic, Angelia},
   year={2018},
   month=dec, pages={1694–1699} 
}

@inproceedings{Ye2018Opinion,
  author    = {Mengbin Ye and Ji Liu and Brian D. O. Anderson},
  title     = {Opinion Dynamics with State-Dependent Susceptibility to Influence},
  booktitle = {Proceedings of the 23rd International Symposium on Mathematical Theory of Networks and Systems (MTNS)},
  year      = {2018},
  url       = {https://mtns2018.hkust.edu.hk/media/files/0044.pdf}
}

@misc{cau2025languagedrivenopiniondynamicsagentbased,
      title={Language-Driven Opinion Dynamics in Agent-Based Simulations with LLMs}, 
      author={Erica Cau and Valentina Pansanella and Dino Pedreschi and Giulio Rossetti},
      year={2025},
      eprint={2502.19098},
      archivePrefix={arXiv},
      primaryClass={cs.SI},
      url={https://arxiv.org/abs/2502.19098}, 
}

@misc{chuang2024simulatingopiniondynamicsnetworks,
      title={Simulating Opinion Dynamics with Networks of LLM-based Agents}, 
      author={Yun-Shiuan Chuang and Agam Goyal and Nikunj Harlalka and Siddharth Suresh and Robert Hawkins and Sijia Yang and Dhavan Shah and Junjie Hu and Timothy T. Rogers},
      year={2024},
      eprint={2311.09618},
      archivePrefix={arXiv},
      primaryClass={physics.soc-ph},
      url={https://arxiv.org/abs/2311.09618}, 
}

@inproceedings{Liu_2024, series={IJCAI-2024},
   title={From Skepticism to Acceptance: Simulating the Attitude Dynamics Toward Fake News},
   url={http://dx.doi.org/10.24963/ijcai.2024/873},
   DOI={10.24963/ijcai.2024/873},
   booktitle={Proceedings of the Thirty-ThirdInternational Joint Conference on Artificial Intelligence},
   publisher={International Joint Conferences on Artificial Intelligence Organization},
   author={Liu, Yuhan and Chen, Xiuying and Zhang, Xiaoqing and Gao, Xing and Zhang, Ji and Yan, Rui},
   year={2024},
   month=aug, pages={7886–7894},
   collection={IJCAI-2024} }


